@book{heer2009dynamic,
  title={Dynamic general equilibrium modeling: computational methods and applications},
  author={Heer, Burkhard and Maussner, Alfred},
  year={2009},
  publisher={Springer Science \& Business Media}
}

@article{christiano2014risk,
  title={Risk shocks},
  author={Christiano, Lawrence J and Motto, Roberto and Rostagno, Massimo},
  journal={American Economic Review},
  volume={104},
  number={1},
  pages={27--65},
  year={2014}
}

@article{nordhaus1993optimal,
  title={Optimal greenhouse-gas reductions and tax policy in the" DICE" model},
  author={Nordhaus, William D},
  journal={The American Economic Review},
  volume={83},
  number={2},
  pages={313--317},
  year={1993},
  publisher={JSTOR}
}

@article{stocker2013climate,
  title={Climate change 2013: The physical science basis},
  author={Stocker, Thomas F and Qin, Dahe and Plattner, Gian-Kasper and Tignor, Melinda and Allen, Simon K and Boschung, Judith and Nauels, Alexander and Xia, Yu and Bex, Vincent and Midgley, Pauline M and others},
  journal={Contribution of working group I to the fifth assessment report of the intergovernmental panel on climate change},
  volume={1535},
  year={2013},
  publisher={Cambridge university press CambridgeNew York}
}

@article{arndt2015economic,
  title={The economic costs of climate change: a multi-sector impact assessment for Vietnam},
  author={Arndt, Channing and Tarp, Finn and Thurlow, James},
  journal={Sustainability},
  volume={7},
  number={4},
  pages={4131--4145},
  year={2015},
  publisher={Multidisciplinary Digital Publishing Institute}
}

@article{wassmann2004sea,
  title={Sea level rise affecting the Vietnamese Mekong Delta: water elevation in the flood season and implications for rice production},
  author={Wassmann, Reiner and Hien, Nguyen Xuan and Hoanh, Chu Thai and Tuong, To Phuc},
  journal={Climatic change},
  volume={66},
  number={1-2},
  pages={89--107},
  year={2004},
  publisher={Springer}
}

@article{chen2012climate,
  title={Climate change, sea level rise and rice: global market implications},
  author={Chen, Chi-Chung and McCarl, Bruce and Chang, Ching-Cheng},
  journal={Climatic change},
  volume={110},
  number={3-4},
  pages={543--560},
  year={2012},
  publisher={Springer}
}

@article{boateng2012GIS,
  title={GIS assessment of coastal vulnerability to climate change and coastal adaption planning in Vietnam},
  author={Boateng, Isaac},
  journal={Journal of Coastal Conservation},
  volume={16},
  number={1},
  pages={25--36},
  year={2012},
  publisher={Springer}
}
